% Paper: 
  
 @article{ZouVee,
  author  = {Q. Zou and A. Veeser and R. Kornhuber and C. Gräser},
  title   = {Hierarchical error estimates for the energy functional in obstacle problems},
  journal = {Numerische Mathematik},
  year    = {2011},
  number  = {117},
  pages   = {653-677}
  }
 
  @article{BraeCar,
  author  = {D. Braess and C. Carstensen and R. Hoppe},
  title   = {Convergence analysis of a conforming adaptive finite element method for an obstacle problem},
  journal = {Numerische Mathematik},
  year    = {2007},
  volume  = {107},
  pages   = {455-471}
  }
  
          @article{HasContact,
  author  = {J. Haslinger and I. Hlavácek},
  title   = {Contact between elastic bodies. I. Continuous problems},
  journal = {Apl. Mat.},
  year    = {1980},
  volume = {25},
  pages   = {324-347}
  }
  
            @article{HoppeKorn,
  author  = {R. Hoppe and R. Kornhuber},
  title   = {Adaptive Multilevel-Methods for Obstacle Problems},
  journal = {Preprint SC 91-16},
  year    = {1992},
  month = {April}
  }
  
          @article{CarWri,
  author  = {C. Carstensen and O. Scherf and P. Wriggers},
  title   = {Adaptive finite elements for elastic bodies in contact},
  journal = {SIAM J. Sci. Comput.},
  year    = {1999},
  volume = {20},
  number  = {5},
  pages   = {1605-1626}
  }
  
            @article{Deufl,
  author  = {P. Deuflhard and P. Leinen and H. Yserentant},
  title   = {Concepts of an Adaptive Hierarchical Finite Element Code},
  journal = {Impact of Computing in Science and Engineering},
  year    = {1989},
  volume = {1},
  pages   = {3-35}
  }
  
           @article{Zou,
  author  = {Qingsong Zou},
  title   = {Efficient and reliable hierarchical error estimates for an elliptic obstacle problem},
  journal = {Applied Numerical Mathematics},
  year    = {2011},
  volume = {61},
  pages   = {344-355}
  }
  
             @article{KorZou,
  author  = {Ralf Kornhuber and Qingsong Zou},
  title   = {Efficient and reliable hierarchical error estimates for the discretization error of elliptic obstacle problems},
  journal = {Mathematics of Computation},
  year    = {2011},
  volume = {80},
  number = {273},
  pages   = {69-88}
  }
  
@Article{JohnObs,
    Author = {Claes {Johnson}},
    Title = {{Adaptive finite element methods for the obstacle problem.}},
    FJournal = {{M$^3$AS. Mathematical Models \& Methods in Applied Sciences}},
    Journal = {{Math. Models Methods Appl. Sci.}},
    Volume = {2},
    Number = {4},
    Pages = {483--487},
    Year = {1992},
    Publisher = {World Scientific, Singapore},
}

          @article{Falk,
  author  = {Richard S. Falk},
  title   = {Error estimates for the approximation of a class of variational inequalities},
  journal = {Math. Comp.},
  year    = {1974},
  volume = {28},
  pages   = {963-971}
  }

@Article{SiebVee,
    Author = {K.G. Siebert and A. Veeser},
    Title = {A Unilaterally Constrained Quadratic Minimization with Adaptive Finite Elements},
    Journal = {SIAM J. Optim.},
    Volume = {18},
    Number = {1},
    Pages = {260–289},
    Year = {2007}
    }
  
% Bücher:
  
  @book{BraeFEM,
  author = {Dietrich Braess},
  title = {Finite Elemente – Theorie, schnelle Löser und Anwendungen in der Elastizitätstheorie},
  publisher = {Springer-Verlag},
  year = {2013},
  edition = {5. Auflage}
  }
  

@book{KikOden,
author = {N. Kikuchi and J.T. Oden},
title = {Contact Problems in Elasticity: A Study of Variational Inequalities and Finite Element Methods},
publisher = {SIAM},
year = {1988}
}

@book{NocWri,
  added-at = {2009-08-21T12:21:08.000+0200},
  address = {New York, NY},
  author = {Nocedal, {Jorge} and Wright, {Stephen J.}},
  edition = {2. ed.},
  publisher = {Springer},
  title = {Numerical Optimization},
  year = 2006
}
  
@book{GopRieTam,
author = {A. Göpfert and T. Riedrich and C. Tammer},
title = {Angewandte Funktionalanalysis},
publisher = {Vieweg und Teubner},
year = {2009}
}
  
@book{Werner,
author = {Dirk Werner},
title = {Funktionalanalysis},
publisher = {Springer},
year = {2011},
edition = {7. Auflage}
}
  
@book{Stoer,
author = {Josef Stoer},
title = {Numerische Mathematik I},
publisher = {Springer},
year = {1999},
edition = {8. Auflage}
}
  
@book{AltKonti,
author = {Holm Altenbach},
title = {Kontinuumsmechanik},
publisher = {Springer},
year = {2012},
edition = {2. Auflage}
}  

@book{Rudin,
author = {Walter Rudin},
title = {Functional Analysis},
publisher = {McGraw-Hill},
year = {1991},
edition = {2. Auflage}
}  

@book{Glow,
author = {Glowinski, Roland},
title = {Numerical methods for nonlinear variational problems},
publisher = {Springer},
year = {2008},
edition = {Reprint}
}  

@book{WriggersFEM,
author = {Peter Wriggers},
title = {Nichtlineare Finite-Element-Methoden},
publisher = {Springer},
year = {2001},
edition = {5. Auflage}
}  

@book{HlaHas,
author = {I. Hlavácek and J. Haslinger and J. Necas and J. Lovísek},
title = {Solution of Variational Inequalities in Mechanics},
publisher = {Springer},
year = {1980},
edition = {9. Auflage}
}  

@book{WriggersContact,
author = {Peter Wriggers},
title = {Computional Contact Mechanics},
publisher = {Springer},
year = {2006},
edition = {2. Auflage}
}  

@book{Numa2,
author = {A. Quarteroni and R. Sacco and F. Saleri},
title = {Numerische Mathematik 2},
publisher = {Springer},
year = {2002},
edition = {1. Auflage}
}  


% Vorlesungsskripte:

    @techreport{Walker,
  author = {Christoph Walker},
  title = {Partielle Differentialgleichungen},
  institution = {IFAM - Universität Hannover},
  year = {2011},
  type = {Vorlesungsskript}
  } 

    @techreport{WriggersFEMSkript,
  author = {Peter Wriggers},
  title = {Finite-Elemente-Methode},
  institution = {IKM - Universität Hannover},
  type = {Vorlesungsskript},
  year = {2009}
  } 

  @techreport{EPS,
  author = {Ernst P. Stephan},
  title = {Numerik partieller Differentialgleichungen I},
  institution = {IFAM - Universität Hannover},
  year = {2012},
  type = {Vorlesungsskript}
  }
  
  @techreport{EPSContact,
  author = {Ernst P. Stephan},
  title = {Contact Problems – Numerical Analysis and Implementation},
  institution = {IFAM - Universität Hannover},
  year = {2012},
  type = {Vorlesungsskript}
  }
  
  @techreport{StarkePDE,
  author = {Gerhard Starke},
  title = {Numerik partieller Differentialgleichungen},
  institution = {IFAM - Universität Hannover},
  year = {2008},
  type = {Vorlesungsskript}
  } 
  
      @techreport{StarkeVar,
  author = {Gerhard Starke},
  title = {Variationsungleichungen},
  institution = {IFAM - Universität Hannover},
  year = {2011},
  type = {Vorlesungsskript}
  } 
  
    @techreport{BraeLook,
  author  = {Dietrich Braess},
  title   = {A Posteriori Error Estimators for Obstacle Problems – Another Look},
  institution = {Faculty of Mathematics, Ruhr-University},
  year    = {2005},
  }
  
      @techreport{BarCar,
  author  = {S. Bartels and C. Carstensen  and A. Hecht},
  title   = {2D isoparametric FEM in MATLAB},
  institution = {Humboldt-Universität, Berlin},
  year    = {2005},
  }

  